% Encoding: UTF-8

@Book{ProGit2018,
  title         = {Pro Git},
  publisher     = {Apress},
  year          = {2018},
  author        = {Chacon, S. and Straub, B.},
  series        = {The expert's voice},
  __markedentry = {[MdueA:]},
  file          = {:books/ProGit2018 - Pro Git.pdf:PDF},
  url           = {http://git-scm.com/book/en/v2},
}

@Misc{Clough00plagiarismin,
  author = {Paul Clough},
  title  = {Plagiarism in natural and programming languages: an overview of current tools and technologies},
  year   = {2000},
  file   = {:books/Plagiarism in natural and programming languages and overview of current tools and technologies.pdf:PDF},
  url    = {https://ir.shef.ac.uk/cloughie/papers/plagiarism2000.pdf},
}

@Article{Parker1989,
  author        = {Parker, Alan and O. Hamblen, James},
  title         = {Computer Algorithms for Plagiarism Detection},
  journal       = {Education, IEEE Transactions on},
  year          = {1989},
  volume        = {32},
  pages         = {94--99},
  month         = jun,
  __markedentry = {[MdueA:6]},
  file          = {:books/Computer Algorithms for Plagiarism Detection.pdf:PDF},
}

@Comment{jabref-meta: databaseType:bibtex;}
